@article{kobe,
	author = {Kobe,Donald H. },
	title = {Gauge‚Äêinvariant classical Hamiltonian formulation of the electrodynamics of nonrelativistic particles},
	journal = {American Journal of Physics},
	volume = {49},
	number = {6},
	pages = {581-588},
	year = {1981},
	doi = {10.1119/1.12463},
}